% !TEX root = ~/OpenFOAM/antoniopucciarelli-9/run/LABS/thermochemical_CFD/main.tex

@book{ferziger2002computational,
  title={Computational methods for fluid dynamics},
  author={Ferziger, Joel H. and Peri{\'c}, Milovan and Street, Robert L.},
  volume={4},
  year={2002},
  publisher={Springer}
}

@book{moukalled2016finite,
  title={The finite volume method in computational fluid dynamics},
  author={Moukalled, Fadl and Mangani, L. and Darwish, Marwan and others},
  volume={113},
  year={2016},
  publisher={Springer}
}

@book{pope2000turbulent,
  title={Turbulent flows},
  author={Pope, Stephen B.},
  year={2000},
  publisher={Cambridge university press}
}

@book{quarteroni2010matematica,
  title={Matematica numerica},
  author={Quarteroni, Alfio and Sacco, Riccardo and Saleri, Fausto},
  year={2010},
  publisher={Springer Science \& Business Media}
}

@book{quarteroni2012numerical,
  title={Numerical models for differential problems},
  author={Quarteroni, Alfio and Quarteroni, Silvia},
  volume={8},
  year={2012},
  publisher={Springer}
}

@book{wanner1996solving,
  title={Solving ordinary differential equations II},
  author={Wanner, Gerhard and Hairer, Ernst},
  volume={375},
  year={1996},
  publisher={Springer Berlin Heidelberg}
}
